@article{ren2022hicu,
  title={HiCu: Leveraging Hierarchy for Curriculum Learning in Automated ICD Coding},
  author={Ren, Weiming and Zeng, Ruijing and Wu, Tongzi and Zhu, Tianshu and Krishnan, Rahul G},
  journal={arXiv preprint arXiv:2208.02301},
  year={2022}
}
@inproceedings{bengio2009curriculum,
  title={Curriculum learning},
  author={Bengio, Yoshua and Louradour, J{\'e}r{\^o}me and Collobert, Ronan and Weston, Jason},
  booktitle={Proceedings of the 26th annual international conference on machine learning},
  pages={41--48},
  year={2009}
}
@article{koopman2015automatic,
  title={Automatic ICD-10 classification of cancers from free-text death certificates},
  author={Koopman, Bevan and Zuccon, Guido and Nguyen, Anthony and Bergheim, Anton and Grayson, Narelle},
  journal={International journal of medical informatics},
  volume={84},
  number={11},
  pages={956--965},
  year={2015},
  publisher={Elsevier}
}
@inproceedings{mccallum1999multi,
  title={Multi-label text classification with a mixture model trained by EM},
  author={McCallum, Andrew Kachites},
  booktitle={AAAI'99 workshop on text learning},
  year={1999}
}
@article{nickel2017poincare,
  title={Poincar{\'e} embeddings for learning hierarchical representations},
  author={Nickel, Maximillian and Kiela, Douwe},
  journal={Advances in neural information processing systems},
  volume={30},
  year={2017}
}
@inproceedings{sala2018representation,
  title={Representation tradeoffs for hyperbolic embeddings},
  author={Sala, Frederic and De Sa, Chris and Gu, Albert and R{\'e}, Christopher},
  booktitle={International conference on machine learning},
  pages={4460--4469},
  year={2018},
  organization={PMLR}
}
@article{shi2017towards,
  title={Towards automated ICD coding using deep learning},
  author={Shi, Haoran and Xie, Pengtao and Hu, Zhiting and Zhang, Ming and Xing, Eric P},
  journal={arXiv preprint arXiv:1711.04075},
  year={2017}
}
@inproceedings{li2020icd,
  title={ICD coding from clinical text using multi-filter residual convolutional neural network},
  author={Li, Fei and Yu, Hong},
  booktitle={proceedings of the AAAI conference on artificial intelligence},
  volume={34},
  number={05},
  pages={8180--8187},
  year={2020}
}
@article{ben2020asymmetric,
  title={Asymmetric loss for multi-label classification},
  author={Ben-Baruch, Emanuel and Ridnik, Tal and Zamir, Nadav and Noy, Asaf and Friedman, Itamar and Protter, Matan and Zelnik-Manor, Lihi},
  journal={arXiv preprint arXiv:2009.14119},
  year={2020}
}
@article{platanios2019competence,
  title={Competence-based curriculum learning for neural machine translation},
  author={Platanios, Emmanouil Antonios and Stretcu, Otilia and Neubig, Graham and Poczos, Barnabas and Mitchell, Tom M},
  journal={arXiv preprint arXiv:1903.09848},
  year={2019}
}
@article{vu2020label,
  title={A label attention model for icd coding from clinical text},
  author={Vu, Thanh and Nguyen, Dat Quoc and Nguyen, Anthony},
  journal={arXiv preprint arXiv:2007.06351},
  year={2020}
}
@inproceedings{kim2021read,
  title={Read, attend, and code: pushing the limits of medical codes prediction from clinical notes by machines},
  author={Kim, Byung-Hak and Ganapathi, Varun},
  booktitle={Machine Learning for Healthcare Conference},
  pages={196--208},
  year={2021},
  organization={PMLR}
}